<?xml version="1.0" encoding="UTF-8"?><record xmlns="http://www.loc.gov/MARC21/slim" xmlns:cinclude="http://apache.org/cocoon/include/1.0" xmlns:zs="http://www.loc.gov/zing/srw/">
  <leader>00452nz  a2200133n  4500</leader>
  <controlfield tag="001">nr 99006998 </controlfield>
  <controlfield tag="003">DLC</controlfield>
  <controlfield tag="005">19990319051244.1</controlfield>
  <controlfield tag="008">990301n| acannaab|          |n aaa     c</controlfield>
  <datafield tag="010" ind1=" " ind2=" ">
    <subfield code="a">nr 99006998 </subfield>
  </datafield>
  <datafield tag="040" ind1=" " ind2=" ">
    <subfield code="a">CSt</subfield>
    <subfield code="b">eng</subfield>
    <subfield code="c">CSt</subfield>
  </datafield>
  <datafield tag="100" ind1="1" ind2=" ">
    <subfield code="a">Lugones, Mario C.</subfield>
  </datafield>
  <datafield tag="670" ind1=" " ind2=" ">
    <subfield code="a">Miguitos en la cama, 1949:</subfield>
    <subfield code="b">credits (direccioĚn y encuadre, Mario C. Lugones)</subfield>
  </datafield>
  <datafield tag="670" ind1=" " ind2=" ">
    <subfield code="a">Trelles Plazaola, L. Cine sudamericana, c1986:</subfield>
    <subfield code="b">p. 209 (Mario C. Lugones, Argentine film director)</subfield>
  </datafield>
</record>